 
% ksiazka
@Book{bib:ksiazka,
  Title                    = {Tytuł książki},
  Author                   = {Imię Nazwisko and Nazwisko, Imię and Imię Nazwisko},
  Publisher                = {Wydawnictwo},
  Year                     = {2017},
  Address                  = {Warszawa},
  ISBN                     = {83-204-3229-9-434}
}

% artykul w czasopismie
@Article{bib:artykul,
  Title                    = {Tytuł artykułu w czasopiśmie},
  Author                   = {Imię Nazwisko and Nazwisko, Imię and Imię Nazwisko},
  Journal                  = {Tytuł czasopisma},
  Year                     = {2016},
  Number                   = {8},
  Pages                    = {1092--1113},
  Volume                   = {157}
}

% artykul konferencyjny
@InProceedings{bib:konferencja,
  Title                    = {Tytuł artykułu konferencyjnego},
  Author                   = {Imię Nazwisko and Nazwisko, Imię and Imię Nazwisko},
  Booktitle                = {Nazwa konferecji},
  Year                     = {2006}, 
  Pages                    = {5346--5349}
}
 
% zrodlo internetowe
@online{bib:internet,
  author                   = {Imię Nazwisko and Nazwisko, Imię},
  title                    = {Tytuł strony internetowej},
  year                     = {2021}, 
  url                      = {http://gdzies/w/internecie/internet.html},
  urldate                  = {2021-09-30}
}
